=LDR  01826 ai a22004215a 4500
=001  016480540
=003  Uk
=005  20141105130109.0
=007  cr\|||||||||||
=008  130823c\\\\9999\\\\\\\\o\\\\\0\\\a2eng\\
=FMT  \\$a  SE
=024  7\$astm20110826n$2local
=245  00$aNational Receptor Dataset$h[electronic resource].
=246  0\$aNRD
=260  \\$bEnvironment Agency
=336  \\$atext$2rdacontent
=337  \\$acomputer$2rdamedia
=338  \\$aonline resource$2rdacarrier
=506  \\$aUsers must apply for access to data.
=520  \\$aA spatial dataset which contains a number of GIS layers categorised into themes of information including buildings, environment, heritage, transport, utilities. Coverage is provided for England and Wales (where available) only. The data stored within the NRD meets the information requirements of a range of Flood and Coastal Risk Management (FCRM) practitioners within the Local Planning Authorities and Environment Agency.
=522  \\$aEngland and Wales.
=540  \\$aEnvironment Agency copyright and/or database right.
=584  \\$aData are generated by the Environment Agency.
=584  \\$aAccepting data submissions: No.
=653  \\$aErosion.
=653  2\$aFlooding
=653  2\$aLiving With Environmental Change
=655  \7$aDataset.$2local
=655  \7$aReference data.$2local
=690  7\$aResearch Datasets Collection$2blcoll
=710  2\$aEnvironment Agency
=856  40$uhttp://www.geostore.com/environment-agency/WebStore?xml=environment-agency/xml/dataLayers_NRD.xml
=859  \\$aXLD$bdatasets
=CAT  \\$aRESDATASET$b00$c20130823$lBLL01$h1203
=CAT  \\$a7332$b40$c20141105$lBLL01$h1301
=SRC  \\$aBLDatasets$bdatasets20130822.xml
=STA  \\$aSUPPRESSED$bDataset no longer available
=LAS  \\$a7332$b40$c20141105$lBLL01$h1301

